<record><leader>00000cas a22000007a 4500</leader><controlfield tag="001">15004040</controlfield><controlfield tag="008">861223d19uu1937msuwr ne      0    0eng d</controlfield><datafield ind1=" " ind2=" " tag="010"><subfield code="a">sn 87065021 </subfield></datafield><datafield ind1=" " ind2=" " tag="040"><subfield code="a">MJA</subfield><subfield code="b">eng</subfield><subfield code="c">MJA</subfield><subfield code="d">MSJ</subfield><subfield code="d">OCLCQ</subfield></datafield><datafield ind1=" " ind2=" " tag="042"><subfield code="a">msc</subfield></datafield><datafield ind1="0" ind2="0" tag="245"><subfield code="a">Covington County news.</subfield></datafield><datafield ind1=" " ind2=" " tag="260"><subfield code="a">Collins, Miss. :</subfield><subfield code="b">James D. Arrington</subfield></datafield><datafield ind1=" " ind2=" " tag="310"><subfield code="a">Weekly</subfield></datafield><datafield ind1="1" ind2=" " tag="362"><subfield code="a">Ceased in 1937.</subfield></datafield><datafield ind1=" " ind2=" " tag="588"><subfield code="a">Description based on: Vol. 5, no. 41 (Feb. 19, 1936).</subfield></datafield><datafield ind1=" " ind2=" " tag="752"><subfield code="a">United States</subfield><subfield code="b">Mississippi</subfield><subfield code="c">Covington</subfield><subfield code="d">Collins.</subfield></datafield><datafield ind1="0" ind2="7" tag="785"><subfield code="t">Collins commercial</subfield></datafield><datafield ind1="0" ind2="7" tag="785"><subfield code="t">News-commercial</subfield></datafield></record>